<record xmlns="http://www.loc.gov/MARC21/slim" xmlns:xsi="http://www.w3.org/2001/XMLSchema-instance" xsi:schemaLocation="http://www.loc.gov/MARC21/slim http://www.loc.gov/standards/marcxml/schema/MARC21slim.xsd"><leader>     nam a22        4500</leader><controlfield tag="001">3071273</controlfield><controlfield tag="003">NNC</controlfield><controlfield tag="006">m        d        </controlfield><controlfield tag="007">cr cn |||m|||a</controlfield><controlfield tag="008">150601s1931    ua b    ob    000 0 ararc</controlfield><datafield ind1=" " ind2=" " tag="040"><subfield code="a">NNU</subfield><subfield code="b">eng</subfield><subfield code="c">NNU</subfield></datafield><datafield ind1=" " ind2="4" tag="050"><subfield code="a">DS38.6</subfield><subfield code="b">.K48 1931</subfield></datafield><datafield ind1="1" ind2=" " tag="100"><subfield code="6">880-01</subfield><subfield code="a">Khali&#772;fah, H&#803;asan. </subfield></datafield><datafield ind1="1" ind2="3" tag="245"><subfield code="6">880-02</subfield><subfield code="a">al-Dawlah al-&#699;Abba&#772;siyah</subfield><subfield code="h">[electronic resource] :</subfield><subfield code="b">qiya&#772;muha&#772; wa-suqu&#772;t&#803;uha&#772; /</subfield><subfield code="c">ta&#700;li&#772;f H&#803;asan Khali&#772;fah.</subfield></datafield><datafield ind1=" " ind2=" " tag="250"><subfield code="6">880-03</subfield><subfield code="a">al-T&#803;ab&#699;ah 1.</subfield></datafield><datafield ind1=" " ind2=" " tag="260"><subfield code="6">880-04</subfield><subfield code="a">al-Qa&#772;hirah :</subfield><subfield code="b">H&#803;. Khali&#772;fah,</subfield><subfield code="c">[1931]</subfield></datafield><datafield ind1=" " ind2=" " tag="300"><subfield code="a">online resource (287 p.) :</subfield><subfield code="b">maps (part fold.)</subfield></datafield><datafield ind1=" " ind2=" " tag="500"><subfield code="6">880-05</subfield><subfield code="a">"Qarrarat Wiza&#772;rat al-Ma&#699;a&#772;&#772;rif tadri&#772;s ha&#772;dha&#772; al-kita&#772;b bi-Da&#772;r al-&#699;Ulu&#772;m al-&#699;Ulya&#772;."</subfield></datafield><datafield ind1=" " ind2=" " tag="500"><subfield code="a">Introduction dated: 1931.</subfield></datafield><datafield ind1=" " ind2=" " tag="500"><subfield code="a">Part of the Arabic Collections Online (ACO) project, contributed by Columbia University Libraries.</subfield></datafield><datafield ind1=" " ind2=" " tag="533"><subfield code="a">Electronic reproduction.</subfield><subfield code="b">New York, N.Y. :</subfield><subfield code="c">New York University,</subfield><subfield code="d">2015.</subfield><subfield code="5">NNU</subfield></datafield><datafield ind1=" " ind2="0" tag="650"><subfield code="a">Abbasids.</subfield></datafield><datafield ind1=" " ind2="7" tag="650"><subfield code="a">Abbasids.</subfield><subfield code="2">fast</subfield><subfield code="0">(OCoLC)fst00794211</subfield></datafield><datafield ind1="2" ind2=" " tag="710"><subfield code="a">Columbia University.</subfield><subfield code="b">Libraries.</subfield></datafield><datafield ind1="0" ind2=" " tag="730"><subfield code="a">Arabic Collections Online.</subfield></datafield><datafield ind1="0" ind2="8" tag="776"><subfield code="i">Print version:</subfield><subfield code="a">Khali&#772;fah, H&#803;asan.</subfield><subfield code="t">al-Dawlah al-&#699;Abba&#772;siyah</subfield><subfield code="w">(NNC)3071273</subfield><subfield code="w">(OCoLC)47813435</subfield></datafield><datafield ind1="4" ind2="0" tag="856"><subfield code="u">http://hdl.handle.net/2333.1/nk98shq0</subfield></datafield><datafield ind1="1" ind2=" " tag="880"><subfield code="6">100-01/r</subfield><subfield code="a">&#1582;&#1604;&#1610;&#1601;&#1577;&#1548; &#1581;&#1587;&#1606;.</subfield></datafield><datafield ind1="1" ind2="2" tag="880"><subfield code="6">245-02/r</subfield><subfield code="a">&#1575;&#1604;&#1583;&#1608;&#1604;&#1577; &#1575;&#1604;&#1593;&#1576;&#1575;&#1587;&#1610;&#1577; :</subfield><subfield code="b">&#1602;&#1610;&#1575;&#1605;&#1607;&#1575; &#1608;&#1587;&#1602;&#1608;&#1591;&#1607;&#1575; /</subfield><subfield code="c">&#1578;&#1571;&#1604;&#1610;&#1601; &#1581;&#1587;&#1606; &#1582;&#1604;&#1610;&#1601;&#1577;.</subfield></datafield><datafield ind1=" " ind2=" " tag="880"><subfield code="6">250-03/r</subfield><subfield code="a">&#1575;&#1604;&#1591;&#1576;&#1593;&#1577; 1.</subfield></datafield><datafield ind1=" " ind2=" " tag="880"><subfield code="6">260-04/r</subfield><subfield code="a">&#1575;&#1604;&#1602;&#1575;&#1607;&#1585;&#1577; :</subfield><subfield code="b">&#1581;. &#1582;&#1604;&#1610;&#1601;&#1577;&#1548;</subfield><subfield code="c">[1931]</subfield></datafield><datafield ind1=" " ind2=" " tag="880"><subfield code="6">500-05/r</subfield><subfield code="a">"&#1602;&#1585;&#1585;&#1577; &#1608;&#1586;&#1575;&#1585;&#1577; &#1575;&#1604;&#1605;&#1593;&#1575;&#1585;&#1601; &#1578;&#1583;&#1585;&#1610;&#1587; &#1607;&#1584;&#1607; &#1575;&#1604;&#1603;&#1578;&#1575;&#1576; &#1576;&#1583;&#1575;&#1585; &#1575;&#1604;&#1593;&#1604;&#1608;&#1605; &#1575;&#1604;&#1593;&#1604;&#1610;&#1575;."</subfield></datafield><datafield ind1=" " ind2=" " tag="959"><subfield code="a">NNU</subfield><subfield code="b">WEB</subfield><subfield code="c">GENI</subfield><subfield code="t">0</subfield><subfield code="m">Electronic access</subfield><subfield code="s">01</subfield></datafield><datafield ind1=" " ind2=" " tag="999"><subfield code="i">NNC_3071273</subfield><subfield code="o">(OCoLC)ocm47813435</subfield><subfield code="s">columbia_aco000483</subfield><subfield code="e">(ERROR-880)</subfield><subfield code="s">columbia_aco000483</subfield></datafield></record>